@ONLINE {goncalves2007,
    author = "Paulo César Gonçalves",
    title  = "Protótipo de um Robô Móvel de Baixo Custo para  Uso Educacional",
    month  = "sep",
    year   = "2007",
    url    = "http://www.din.uem.br/~mestrado/diss/2007/goncalves.pdf"
}

@BOOK {sa1998,
	author    = "Iranita Maria de Almeida Sá",
	title     = "A Educação a Distância: Processo Contínuo de Inclusão Social",
	publisher = "CEC",
	year      = "1998"
}